@article{anderson2002critique,
   author =    {Elijah Anderson},
   title =     {The Ideologically Driven Critique},
   year =      {2002}
   journal =   {AJS},
   volume =    {107},
   number =    {6},
   pages =     {1533–50},
   year =      {May 2002},
   DOI =       {http://dx.doi.org/10.1086/340461}}

@book{ armenault2015superarse,
	author=   "Armenault, Sebastián",
	title=    "Superarse es ganar | ¡Corré detrás de tu sueño!",
  	year=     "2015",
  	publisher="Emecé",
        address = "Buenos Aires"}

@article{becker2000improv,
	author="Becker, Howard",
	title="The Etiquette of Improvisation",
	year="2000",
	urldate="08/06/2018",
	url="http://howardsbecker.com/articles/improv.html",}

@book{ bolt2013faster,
	author=   "Bolt, Usain",
	title=    "Faster than lightning: my autobiography",
  	year=     "2013",
  	publisher="HarperSport",
        address = "London"}

@collection{bridelmarkuladenison2016endurance,
	title="Endurance Running: A Socio-Cultural Examination",
	author="William Bridel, Pirkko Markula, Jim Denison",
	publisher="Routledge",
	year="2016",
	address="London",
	isbn="9781138067851"}

@book{coser1965ideas,
	author="Lewis A. Coser",
	title="Men Of Ideas",
	publisher="The Free Press",
	year="1965",	
	address="Toronto"}

@book{deleuze1990pourparlers,
   title =     {Pourparlers},
   author =    {Gilles Deleuze},
   publisher = {Les Éditions de Minuit},
   isbn =      {2707313416,9782707313416},
   year =      {1990},
   url =       {http://lesilencequiparle.unblog.fr/2010/02/23/les-intercesseurs-gilles-deleuze/}
   url =       {http://gen.lib.rus.ec/book/index.php?md5=59D5D5DAF19A139F6EFCEC4CDA2854B7}}

@book{deleuze2007dialogues,
   title =     {Dialogues II},
   author =    {Gilles Deleuze, Claire Parnet, Hugh Tomlinson, Barbara Habberjam},
   publisher = {Columbia University Press},
   isbn =      {0231141351,9780231141352},
   year =      {2007},
   series =    {European Perspectives: A Series in Social Thought and Cultur},
   edition =   {revised edition},
   url =       {http://gen.lib.rus.ec/book/index.php?md5=3244A18BC71B734C27826AC53CFC10E2}}

@book{duneier1999sidewalk,
   author =    {Mitchell Duneier, Ovie Carter},
   title =     {Sidewalk},
   publisher = {Farrar, Straus and Giroux},
   isbn =      {0374263558,9780374263553},
   year =      {1999},
   edition =   {1st},
   url =       {http://gen.lib.rus.ec/book/index.php?md5=59CC1A4C5479B29F04A5573350BC34F3}}

@article{duneier2002combat,
   author =    {Mitchell Duneier},
   title =     {What Kind of Combat Sport Is Sociology?},
   year =      {2002}
   journal =   {AJS},
   volume =    {107},
   number =    {6},
   pages =     {1551--76},
   year =      {May 2002},
   DOI =       {https://doi.org/10.1086/342925}}

@book{ finn2012kenyans,
       author =    "Finn, Adharanand",
       title =     "Running with the Kenyans: Discovering the Secrets of the Fastest People on Earth",
       year =      "2012",
       publisher = "Ballantine",
       address =   "London"}

@book{ fixx1977complete,
  	author=   "Fixx, James F.",
  	title=    "The complete book of running",
  	year=     "1977",
  	publisher="Random House New York",
        address = "New York"}

@book{ garcia2016vivir,
  	author=   "García, Santiago",
  	title=    "Correr para Vivir | Vivir para Correr",
  	year=     "2016",
  	publisher="Penguin Random House",
        address = "Buenos Aires"}

@collection{gregg2010affect,
  	editor=   "Gregg, Melissa; Seigworth, Gregory",
  	title=    "The Affect Theory Reader",
  	year=     "2010",
  	publisher="Duke University Press",
        address = "London"}

@book{hobsbawm1994extremes,
   title =     {The Age of Extremes: The Short Twentieth Century, 1914-1991  },
   author =    {Eric Hobsbawm},
   publisher = {Michael Joseph},
   isbn =      {0718133072,9780718133078},
   year =      {1994},
   url =       {http://gen.lib.rus.ec/book/index.php?md5=28242FF1C7F0B0E6BE4BD322F6F9A681}}

@book{ jordan1977pre,
  	author=   "Jordan, Tom",
  	title=    "Pre: The Story of America's Greatest Running Legend, Steve Prefontaine",
  	year=     "1997",
  	publisher="Rodale"}

@book{ jornet2014frontera,
	author=   "Jornet, Kilian",
	title=    "La Frontera Invisible",
  	year=     "2014",
  	publisher="Del Nuevo Extremo",
        address = "Buenos Aires"}

@article{juarez2017shoes,
	author="Benjamín Juárez",
	title="Sport shoe wear as technology: socio-technical trajectories of high-heel cushioning",
	year="2017",
	publisher="ALAS | Asociación Latinoamericana de Sociología"}

@book{ jurek2012eat,
   	author =    "Jurek, Scott",
   	title =     "Eat and Run: My Unlikely Journey to Ultramarathon Greatness",
   	publisher = "First Mariner Books",
   	year =      "2012",
        address =   "New York"}

@book{ gorbea2017borde,
   	author =    "Gorbea, Cristián",
   	title =     "Un Sendero Equivocado | 42 Horas al Borde del Vacío",
   	publisher = "Ediciones Recovecos",
   	year =      "2017",
        address =   "Córdoba"}

@book{ karno2005night,
   	author =    "Karnazes, Dean",
   	title =     "Ultramarathon Man: Confessions of an All-Night Runner",
   	publisher = "Tarcher/Penguin",
  	year =      "2005",
        address =   "New York"}

@book{ knight2016shoe,
  	author=   "Knight, Phil",
  	title=    "Shoe Dog: A Memoir by the Creator of Nike",
  	year=     "2016",
  	publisher="Scribner",
        address = "New York"}

@book{kohn2013trees,
   title =     {How Forests Think: Toward an Anthropology Beyond the Human},
   author =    {Eduardo Kohn},
   publisher = {University of California Press},
   isbn =      {0520276108,9780520276109},
   year =      {2013},
   edition =   {1st},
   url =       {http://gen.lib.rus.ec/book/index.php?md5=E3CCE3DFCBFA7A95685B924FE58957E1}}

@article{law2008sts,
   title = {The materials of STS},
   author =    {John Law},
   year =      {2008}}

@book{mcdougall2009born,
   title = {Born to Run: A Hidden Tribe, Superathletes, and the Greatest Race the World Has Never Seen (Vintage)  },
   author =    {Christopher McDougall},
   publisher = {Knopf},
   isbn =      {9780307271914},
   year =      {2009},
   url =       {http://gen.lib.rus.ec/book/index.php?md5=67B127C4166596D2ABB748BA1A67D16C}}

@book{ murakami2009talk,
  	author=   "Murakami, Haruki",
  	title=    "What I talk about when I talk about running",
  	year=     "2009",
  	publisher="Random House",
        address = "New York"}

@article{nettleton2013existence,
	author="Sarah Nettleton",
	year="2013",
	title="Cementing Relations within a Sporting Field: Fell Running in the English Lake District and the Acquisition of Existential Capital",
	publisher="Cultural Sociology",
	pages="196-210"}

@article{newman2002left,
   author =    {Katherine Newman},
   title =     {No Shame: The View from the Left Bank},
   year =      {2002}
   journal =   {AJS},
   volume =    {107},
   number =    {6},
   pages =     {1577–99},
   year =      {May 2002},
   DOI =       {http://dx.doi.org/10.1086/342993}}

@book{ nunes2009segredos,
  	author=   "Nunes, Valmir",
  	title=    "Segredos de um Ultramaratonista | Histórias do Campeão",
  	year=     "2009",
  	publisher="Hemus",
        address = "São Paulo"}

@article{ richter2014rats,
  	author=   "Richter, Sophie Helene; Gass, Peter and Fuss, Johannes",
  	title=    "Resting Is Rusting: A Critical View on Rodent Wheel-Running Behavior",
  	year=     "2014",
  	publisher="The Neuroscientist",
  	pages       = "1­–13",
        address = "São Paulo"
}

@book{ roll2012finding,
   	author =   "Rich Roll",
	title ="Finding Ultra: Rejecting Middle Age, Becoming One of the World's Fittest Men, and Discovering Myself",
   	publisher ="Crown Archetype",
   	year =     "2012",
        address =  "New York"}

@book{ rossi2017corre40,
  	author=   "Rossi, Rodolfo",
  	title=    "Corre 40 | La Extraordinaria Odisea desde La Quiaca hasta Ushuaia",
  	year=     "2017",
  	publisher="Atlántida",
        address = "Buenos Aires"}

@incollection{tonkonoff2011tarde,
  author      = "Tonkonoff,Sergio",
  title       = "Sociología Molecular",
  editor      = "Gabriel Tarde",
  booktitle   = "Creencias, Deseos, Sociedades",
  publisher   = "Cactus",
  address     = "Buenos Aires",
  year        = 2011,
  pages       = "11-31",
  chapter     = Prefacio,
}

@book{ willey2010going,
  	author=   "Willey, David (editor) and others",
  	title=    "Going Long: Legends, Oddballs, Comebacks \& Adventures",
  	year=     "2010",
  	publisher="Rodale",
        address = "New York"}

@book{yasso2008insights,
   	title =     "My Life on the Run: The Wit, Wisdom, and Insights of a Road Racing Icon",
   	author =    "Yasso, Bart; Parrish, Kathleen",
   	year =      "2008",
   	publisher = "Rodale",
        address =   "New York"}
